<?xml version='1.0' encoding='UTF-8'?>
<record xmlns="http://www.loc.gov/MARC21/slim">
  <leader>03017cam a2200421 a 4500</leader>
  <controlfield tag="001">2796342</controlfield>
  <controlfield tag="003">NjP</controlfield>
  <controlfield tag="005">20171013183438.0</controlfield>
  <controlfield tag="008">000218s1898    mr            000 0 ara d</controlfield>
  <datafield tag="024" ind1="7" ind2=" ">
    <subfield code="a">princeton_aco001692</subfield>
    <subfield code="2">local</subfield>
  </datafield>
  <datafield ind1=" " ind2=" " tag="035">
    <subfield code="a">(OCoLC)ocn178739877</subfield>
  </datafield>
  <datafield ind1=" " ind2=" " tag="035">
    <subfield code="a">(OCoLC)178739877</subfield>
  </datafield>
  <datafield ind1=" " ind2=" " tag="035">
    <subfield code="9">CNK6580TS</subfield>
  </datafield>
  <datafield ind1=" " ind2=" " tag="035">
    <subfield code="a">(NjP)2796342</subfield>
  </datafield>
  <datafield ind1=" " ind2=" " tag="040">
    <subfield code="a">NjP</subfield>
    <subfield code="c">PUL</subfield>
    <subfield code="d">PUL</subfield>
  </datafield>
  <datafield ind1=" " ind2=" " tag="049">
    <subfield code="a">PULL</subfield>
  </datafield>
  <datafield ind1=" " ind2=" " tag="079">
    <subfield code="a">ocm78954871</subfield>
  </datafield>
  <datafield ind1="1" ind2=" " tag="100">
    <subfield code="6">880-01</subfield>
    <subfield code="a">ʻIrāqī, Muḥammad,</subfield>
    <subfield code="d">1855 or 1856-1929 or 1930.</subfield>
    <subfield code="0">http://id.loc.gov/authorities/names/nr91005016</subfield>
  </datafield>
  <datafield ind1="1" ind2="0" tag="240">
    <subfield code="6">880-02</subfield>
    <subfield code="a">Khatm al-mubārak li-Mukhtaṣar Khalīl</subfield>
  </datafield>
  <datafield ind1="1" ind2="0" tag="245">
    <subfield code="6">880-03</subfield>
    <subfield code="a">Hādhā al-Khatm al-mubārak li-Mukhtaṣar al-Shaykh al-Imām al-shahīr al-ʻārif billāh al-kabīr Abī al-Mawaddah Sayyidī Khalīl /</subfield>
    <subfield code="c">taʼlīf Abī ʻAbd Allāh Muḥammad ibn Mawlāy al-Rashīd al-Ḥusaynī al-ʻIrāqī.</subfield>
  </datafield>
  <datafield ind1="3" ind2="0" tag="246">
    <subfield code="6">880-04</subfield>
    <subfield code="a">Khatm al-mubārak li-Mukhtaṣar al-Shaykh al-Imām al-shahīr al-ʻārif billāh al-kabīr Abī al-Mawaddah Sayyidī Khalīl</subfield>
  </datafield>
  <datafield ind1=" " ind2=" " tag="260">
    <subfield code="a">[Morocco :</subfield>
    <subfield code="b">s.n.],</subfield>
    <subfield code="c">1316 [1898]</subfield>
  </datafield>
  <datafield ind1=" " ind2=" " tag="300">
    <subfield code="a">112, 8, 4 p. ;</subfield>
    <subfield code="c">22 cm.</subfield>
  </datafield>
  <datafield ind1=" " ind2=" " tag="590">
    <subfield code="6">880-05</subfield>
    <subfield code="a">With: Khatm al-mubārak / lil-faqīh Abī ʻAbd Allāh Muḥammad ibn Muḥammad ibn ʻAbd al-Salām Jannūn allafahu ḥīna khatama Mukhtaṣar al-Imām Sayyidī Khalīl. [Morocco : s.n., 189-?]. Bound together subsequent to publication.</subfield>
  </datafield>
  <datafield ind1=" " ind2=" " tag="590">
    <subfield code="a">With: Khatm al-mubārak / lil-faqīh Abī ʻAbd Allāh Muḥammad ibn Muḥammad ibn ʻAbd al-Salām Jannūn allafahu ḥīna khatama Mukhtaṣar al-Imām Sayyidī Khalīl. [Morocco : s.n., 189-?]. Bound together subsequent to publication.</subfield>
  </datafield>
  <datafield ind1="0" ind2="0" tag="600">
    <subfield code="6">880-06</subfield>
    <subfield code="a">Khalīl ibn Isḥāq al-Jundī,</subfield>
    <subfield code="d">-1365?</subfield>
    <subfield code="t">Mukhtaṣar.</subfield>
  </datafield>
  <datafield ind1=" " ind2="0" tag="650">
    <subfield code="a">Islamic law</subfield>
    <subfield code="x">Interpretation and construction.</subfield>
    <subfield code="0">http://id.loc.gov/authorities/subjects/sh85068455</subfield>
  </datafield>
  <datafield ind1=" " ind2="7" tag="655">
    <subfield code="a">Lithographs</subfield>
    <subfield code="z">Morocco</subfield>
    <subfield code="y">1898</subfield>
    <subfield code="2">gmgpc</subfield>
  </datafield>
  <datafield ind1="1" ind2=" " tag="880">
    <subfield code="6">100-01/r</subfield>
    <subfield code="a">اراقي، محمد،</subfield>
    <subfield code="d">1855 or 6-1929 or 30.</subfield>
  </datafield>
  <datafield ind1="1" ind2="0" tag="880">
    <subfield code="6">240-02/r</subfield>
    <subfield code="a">ختم المبارك لمختصر خليل</subfield>
  </datafield>
  <datafield ind1="1" ind2="0" tag="880">
    <subfield code="6">245-03/r</subfield>
    <subfield code="a">هذا الختم المبارك لمختصر الشيخ الامام الشهير العارف بالله الكبير ابي المودة سيدي خليل /</subfield>
    <subfield code="c">تأليف ابي عبد الله محمد بن مولاي الرشيد الحسيني العراقي.</subfield>
  </datafield>
  <datafield ind1="3" ind2="0" tag="880">
    <subfield code="6">246-04/r</subfield>
    <subfield code="a">ختم المبارك لمختصر الشيخ الامام الشهير العارف بالله الكبير ابي المودة سيدي خليل</subfield>
  </datafield>
  <datafield ind1=" " ind2=" " tag="880">
    <subfield code="6">590-05/r</subfield>
    <subfield code="a">With: ختم المبارك / للفقيه ابي عبد الله محمد بن محمد بن عبد السلام جنون الفه حين ختم مختصر الامام سيدي خليل. [Morocco : s.n., 189-؟]. Bound together subsequent to publication.</subfield>
  </datafield>
  <datafield ind1="0" ind2="4" tag="880">
    <subfield code="6">600-06/r</subfield>
    <subfield code="a">خليل بن اسحاق الجندي،</subfield>
    <subfield code="d">-1365?</subfield>
    <subfield code="t">مختصر.</subfield>
  </datafield>
  <datafield ind1=" " ind2=" " tag="948">
    <subfield code="a">jeb</subfield>
  </datafield>
  <datafield ind1=" " ind2=" " tag="911">
    <subfield code="a">20000218</subfield>
  </datafield>
  <datafield ind1=" " ind2=" " tag="912">
    <subfield code="a">20000223052129.0</subfield>
  </datafield>
  <datafield ind1=" " ind2=" " tag="994">
    <subfield code="a">C0</subfield>
    <subfield code="b">PUL</subfield>
  </datafield>
  <datafield ind1=" " ind2=" " tag="999">
    <subfield code="a">2796342</subfield>
  </datafield>
  <datafield ind1="0" ind2="0" tag="852">
    <subfield code="0">3108006</subfield>
    <subfield code="b">nec</subfield>
    <subfield code="t">1</subfield>
    <subfield code="h">KBP320.K43</subfield>
    <subfield code="i">A36835 1898</subfield>
  </datafield>
  <datafield ind1=" " ind2=" " tag="959">
    <subfield code="a">2000-06-13 00:00:00 -0500</subfield>
  </datafield>
</record>
